Date,Amount,Fee,Interest/Penalty,Draft Number,New Balance,Description,Category,Note
12/16/2024,-200.73,0,0,1277,3284.65,Draft W/D,,
12/13/2024,-1455.47,0,0,,3485.38,XFR W/D:To MSU STUDENT HOUS Share 70,,
12/13/2024,-248,0,0,1275,4940.85,Draft W/D,,
12/8/2024,-23.31,0,0,,5188.85,Credit/Debit Card W/D:Stadium Wine & Spirits East Lansing MI,,
12/8/2024,-76.02,0,0,,5212.16,Credit/Debit Card W/D:TRADER JOE S #804 EAST LANSING MI,,
12/8/2024,-336.85,0,0,,5288.18,Credit/Debit Card W/D:METRONET RETAIL 877-4073224 KS,,
12/7/2024,-27.98,0,0,,5625.03,Credit/Debit Card W/D:COSTCO WHSE#1277 EAST LANSING MI,,
12/5/2024,3196.9,0,0,,5653.01,XFR Dep:From MSU STUDENT HOUS Share 70,,
12/4/2024,-125.81,0,0,1276,2456.11,Draft W/D,,
11/26/2024,-77.86,0,0,,2581.92,ACH W/D:GRANGERCOM,,
11/24/2024,-185.05,0,0,,2659.78,POS W/D:#000000NE0JS8,,
11/25/2024,-66.85,0,0,,2844.83,Credit/Debit Card W/D:MEIJER STORE #052 E LANSING MI,,
11/23/2024,-60.42,0,0,,2911.68,POS W/D:POS TARGET T-0365 4890 Marsh Rd Okemos MI,,
11/22/2024,-467.89,0,0,,2972.1,Credit/Debit Card W/D:BWL*10000168 517-702-6006 MI,,
11/18/2024,-3.99,0,0,,3439.99,Credit/Debit Card W/D:MEIJER STORE #052 E LANSING MI,,
11/18/2024,-122.7,0,0,,3443.98,Credit/Debit Card W/D:MEIJER STORE #025 OKEMOS MI,,
11/18/2024,2942,0,0,,3566.68,XFR Dep:From MSU STUDENT HOUS Share 70,,
11/15/2024,-49.21,0,0,,624.68,Credit/Debit Card W/D:DOMINO'S 1201 517-351-7100 MI,,
11/14/2024,-25,0,0,,673.89,Credit/Debit Card W/D:MSU PAYMENT ONLINE 517-355-5023 MI,,
11/14/2024,-16,0,0,,698.89,ACH W/D:HARLAND CLARKE,,
11/12/2024,-52.04,0,0,,714.89,Credit/Debit Card W/D:STAPLES 00103242 LANSING MI,,
11/11/2024,-8.56,0,0,,766.93,Credit/Debit Card W/D:TRADER JOE S #804 EAST LANSING MI,,
11/10/2024,-79.09,0,0,,775.49,Credit/Debit Card W/D:MEIJER STORE #025 OKEMOS MI,,
11/7/2024,-336.85,0,0,,854.58,Credit/Debit Card W/D:METRONET RETAIL 877-4073224 KS,,
11/4/2024,-389.52,0,0,,1191.43,Credit/Debit Card W/D:AMAZON MKTPL*PJ5HI1G23 Amzn.com/bill WA,,
11/4/2024,-26.78,0,0,,1580.95,Credit/Debit Card W/D:AMAZON MKTPL*381IZ95D3 Amzn.com/bill WA,,
10/31/2024,-22.01,0,0,,1607.73,Credit/Debit Card W/D:MEIJER # 052 EAST LANSING MI,,
10/31/2024,-207.63,0,0,,1629.74,Credit/Debit Card W/D:MEIJER # 052 EAST LANSING MI,,
10/31/2024,-101.44,0,0,,1837.37,Credit/Debit Card W/D:MANNYS TO GO JONNAS EAST LANSING MI,,
10/28/2024,-77.86,0,0,,1938.81,ACH W/D:GRANGERCOM,,
10/24/2024,-57.07,0,0,,2016.67,Credit/Debit Card W/D:MEIJER # 052 EAST LANSING MI,,
10/17/2024,-57.54,0,0,,2073.74,POS W/D:POS KROGER #852 443 MALL COURT LANSING MI,,
10/16/2024,-31.96,0,0,,2131.28,Credit/Debit Card W/D:MEIJER # 052 EAST LANSING MI,,
10/15/2024,-34.04,0,0,,2163.24,Credit/Debit Card W/D:FRESH INTERNATIONAL MAR EAST LANSING MI,,
10/13/2024,-592.28,0,0,,2197.28,Credit/Debit Card W/D:BWL*10144850 517-702-6006 MI,,
10/13/2024,-18.48,0,0,,2789.56,Credit/Debit Card W/D:BWL*10144841 517-702-6006 MI,,
10/13/2024,-198.16,0,0,,2808.04,Credit/Debit Card W/D:MEIJER # 052 EAST LANSING MI,,
10/8/2024,-336.85,0,0,,3006.2,Credit/Debit Card W/D:METRONET RETAIL 877-4073224 KS,,
10/7/2024,-53.68,0,0,,3343.05,Credit/Debit Card W/D:DOMINO'S 1201 517-351-7100 MI,,
10/5/2024,-49.67,0,0,,3396.73,Credit/Debit Card W/D:DOMINO'S 1201 517-351-7100 MI,,
10/3/2024,-70.33,0,0,,3446.4,Credit/Debit Card W/D:MEIJER # 253 EAST LANSING MI,,
10/3/2024,-8.11,0,0,,3516.73,Credit/Debit Card W/D:QDOBA 2260 LANSING MI,,
10/2/2024,-15.08,0,0,,3524.84,Credit/Debit Card W/D:TST*NO THAI- EAST LANSI East Lansing MI,,
10/2/2024,-156.34,0,0,,3539.92,Credit/Debit Card W/D:MEIJER # 052 EAST LANSING MI,,
10/2/2024,-16.75,0,0,,3696.26,Credit/Debit Card W/D:FRESH INTERNATIONAL MAR EAST LANSING MI,,
9/30/2024,-18.52,0,0,,3713.01,Credit/Debit Card W/D:MEIJER # 052 EAST LANSING MI,,
9/30/2024,-52.82,0,0,,3731.53,Credit/Debit Card W/D:COTTAGE INN PIZZA - EA 517-324-4300 MI,,
9/26/2024,-20.18,0,0,,3784.35,Credit/Debit Card W/D:MEIJER # 253 EAST LANSING MI,,
9/26/2024,-74.9,0,0,,3804.53,Credit/Debit Card W/D:MEIJER # 253 EAST LANSING MI,,
9/26/2024,-77.86,0,0,,3879.43,ACH W/D:GRANGERCOM,,
9/25/2024,3610,0,0,,3957.29,XFR Dep:From MSU STUDENT HOUS Share 70,,
9/21/2024,-63.58,0,0,,347.29,"Credit/Debit Card W/D:ROKU, INC. 816-272-8107 CA",,
9/19/2024,-16.36,0,0,,410.87,Credit/Debit Card W/D:MEIJER STORE #052 E LANSING MI,,
9/17/2024,-22.5,0,0,,427.23,Credit/Debit Card W/D:E L PUBLIC WORKS EAST LANSING MI,,
9/15/2024,-308.81,0,0,,449.73,Credit/Debit Card W/D:BWL*10144850 517-702-6006 MI,,
9/15/2024,-18.92,0,0,,758.54,POS W/D:POS TARGET T-3278 201 E Grand River Ave,,
9/15/2024,-46.28,0,0,,777.46,Credit/Debit Card W/D:Amazon.com*0E1AY6T73 Amzn.com/bill WA,,
9/14/2024,-84.79,0,0,,823.74,Credit/Debit Card W/D:Amazon.com*EM0DP9DN3 Amzn.com/bill WA,,
9/12/2024,-9.96,0,0,,908.53,POS W/D:POS KROGER #852 443 MALL COURT LANSING MI,,
9/12/2024,-36.15,0,0,,918.49,POS W/D:POS KROGER #852 443 MALL COURT LANSING MI,,
9/12/2024,-87.96,0,0,,954.64,Credit/Debit Card W/D:Amazon.com*C28FQ2XP3 Amzn.com/bill WA,,
9/11/2024,-4.08,0,0,,1042.6,Credit/Debit Card W/D:AMAZON MKTPL*N89LY6XR3 Amzn.com/bill WA,,
9/10/2024,-62.54,0,0,,1046.68,Credit/Debit Card W/D:Amazon.com*SP6GW0E43 Amzn.com/bill WA,,
9/8/2024,-336.85,0,0,,1109.22,Credit/Debit Card W/D:METRONET RETAIL 877-4073224 KS,,
9/7/2024,-210.21,0,0,,1446.07,Credit/Debit Card W/D:MEIJER # 052 EAST LANSING MI,,
9/7/2024,-31.77,0,0,,1656.28,Credit/Debit Card W/D:THE HOME DEPOT #2723 OKEMOS MI,,
9/5/2024,-27.89,0,0,,1688.05,Credit/Debit Card W/D:ALDI 67018 OKEMOS MI,,
9/4/2024,-237.96,0,0,,1715.94,Credit/Debit Card W/D:HP *HP.COM STORE 888-345-5409 CA,,
9/4/2024,-3.58,0,0,,1953.9,Credit/Debit Card W/D:MEIJER # 025 OKEMOS MI,,
9/4/2024,-12.72,0,0,,1957.48,POS W/D:POS TARGET T-3278 201 E Grand River Ave,,
9/4/2024,-130,0,0,,1970.2,Credit/Debit Card W/D:COSTCO *ANNUAL RENEWAL 800-774-2678 WA,,
9/3/2024,1952,0,0,,2100.2,XFR Dep:From MSU STUDENT HOUS Share 70,,
9/3/2024,-1105,0,0,,148.2,Credit/Debit Card W/D:CITY OF E LANSING UTIL 000-0000000 MI,,
9/3/2024,1200,0,0,,1253.2,XFR Dep:From Share 07,,
8/27/2024,-77.86,0,0,,53.2,ACH W/D:GRANGERCOM,,
8/27/2024,100,0,0,,131.06,XFR Dep:From Share 07,,
8/26/2024,-144.28,0,0,,31.06,Credit/Debit Card W/D:COSTCO WHSE#1277 EAST LANSING MI,,
8/26/2024,100,0,0,,175.34,XFR Dep:From Share 07,,
8/23/2024,-682.5,0,0,1016,75.34,Draft W/D,,
8/23/2024,700,0,0,,757.84,XFR Dep:From Share 07,,
8/22/2024,-203.32,0,0,1017,57.84,Draft W/D,,
8/22/2024,200,0,0,,261.16,XFR Dep:From Share 07,,
8/19/2024,-380,0,0,1018,61.16,Draft W/D,,
8/19/2024,400,0,0,,441.16,XFR Dep:From Share 07,,
8/17/2024,-22.13,0,0,,41.16,Credit/Debit Card W/D:MEIJER # 052 EAST LANSING MI,,
8/12/2024,-170.64,0,0,,63.29,Credit/Debit Card W/D:Amazon.com*RM45L7SX0 Amzn.com/bill WA,,
8/12/2024,200,0,0,,233.93,XFR Dep:From Share 07,,
8/12/2024,-26.78,0,0,,33.93,Credit/Debit Card W/D:AMAZON MKTPL*RM7CO75K1 Amzn.com/bill WA,,
8/12/2024,-65.14,0,0,,60.71,Credit/Debit Card W/D:COSTCO WHSE#1277 EAST LANSING MI,,
8/12/2024,100,0,0,,125.85,XFR Dep:From Share 07,,
8/11/2024,-305.11,0,0,,25.85,Credit/Debit Card W/D:BWL10144850 517-702-6006 MI,,
8/11/2024,-305.11,0,0,,330.96,Credit/Debit Card W/D:BWL10000168 517-702-6006 MI,,
8/11/2024,600,0,0,,636.07,XFR Dep:From Share 07,,
8/7/2024,-336.85,0,0,,36.07,Credit/Debit Card W/D:METRONET RETAIL 877-4073224 KS,,
8/4/2024,-97.42,0,0,,372.92,Credit/Debit Card W/D:MEIJER # 052 EAST LANSING MI,,
8/2/2024,-250,0,0,1014,470.34,Draft W/D,,
8/2/2024,-41.95,0,0,,720.34,Credit/Debit Card W/D:MEIJER # 052 EAST LANSING MI,,
8/1/2024,-4.82,0,0,,762.29,Credit/Debit Card W/D:AMAZON MKTPL*RV80Q7UK1 Amzn.com/bill WA,,
7/26/2024,-77.86,0,0,,767.11,ACH W/D:GRANGERCOM,,
7/23/2024,-612.36,0,0,,844.97,ACH W/D:CONSUMERS ENERGY,,
7/23/2024,-13.24,0,0,,1457.33,Credit/Debit Card W/D:AMAZON MKTPL*RJ4F161I1 Amzn.com/bill WA,,
7/21/2024,-28.42,0,0,,1470.57,Credit/Debit Card W/D:Amazon.com*RJ8UP3T22 Amzn.com/bill WA,,
7/20/2024,-95.6,0,0,,1498.99,Credit/Debit Card W/D:AMAZON MKTPL*RS3SZ9WN2 Amzn.com/bill WA,,
7/20/2024,-622.35,0,0,,1594.59,Credit/Debit Card W/D:CONSUMER ENERGY 800-477-5050 MI,,
7/20/2024,-14.1,0,0,,2216.94,Credit/Debit Card W/D:MEIJER # 052 EAST LANSING MI,,
7/8/2024,-336.85,0,0,,2231.04,Credit/Debit Card W/D:METRONET RETAIL 877-4073224 KS,,
7/4/2024,-20.37,0,0,,2567.89,Credit/Debit Card W/D:MEIJER # 052 EAST LANSING MI,,
7/2/2024,-220,0,0,1008,2588.26,Draft W/D,,
7/1/2024,-34.95,0,0,,2808.26,Credit/Debit Card W/D:AMAZON MKTPL*R70SY7JA0 Amzn.com/bill WA,,
7/1/2024,-212.53,0,0,,2843.21,Credit/Debit Card W/D:MEIJER # 052 EAST LANSING MI,,
6/30/2024,-45.52,0,0,,3055.74,Credit/Debit Card W/D:AMAZON MKTPL*R74WQ6FL0 Amzn.com/bill WA,,
6/26/2024,-77.86,0,0,,3101.26,ACH W/D:GRANGERCOM,,
6/14/2024,-520.69,0,0,,3179.12,Credit/Debit Card W/D:BWL10144850 517-702-6006 MI,,
6/14/2024,-36.96,0,0,,3699.81,Credit/Debit Card W/D:BWL10144841 517-702-6006 MI,,
6/14/2024,-557.65,0,0,,3736.77,Credit/Debit Card W/D:BWL10000168 517-702-6006 MI,,
6/13/2024,-81.47,0,0,,4294.42,Credit/Debit Card W/D:MEIJER # 052 EAST LANSING MI,,
6/10/2024,-21.82,0,0,,4375.89,Credit/Debit Card W/D:MEIJER # 052 EAST LANSING MI,,
6/8/2024,-26.45,0,0,,4397.71,Credit/Debit Card W/D:AMZN Mktp US*A64UU0IE3 Amzn.com/bill WA,,
6/7/2024,-336.85,0,0,,4424.16,Credit/Debit Card W/D:METRONET RETAIL 877-4073224 KS,,
6/6/2024,-410.96,0,0,,4761.01,Credit/Debit Card W/D:BWL10144850 517-702-6006 MI,,
6/5/2024,-1146.91,0,0,,5171.97,Credit/Debit Card W/D:CITY OF E LANSING UTIL 000-0000000 MI,,
6/4/2024,-10.59,0,0,,6318.88,Credit/Debit Card W/D:AMZN Mktp US*CR2MU1BB3 Amzn.com/bill WA,,
6/4/2024,-152.74,0,0,,6329.47,Credit/Debit Card W/D:COSTCO WHSE#1277 EAST LANSING MI,,
6/3/2024,-76.96,0,0,,6482.21,Credit/Debit Card W/D:MEIJER # 052 EAST LANSING MI,,
5/29/2024,-77.86,0,0,,6559.17,ACH W/D:GRANGERCOM,,
5/29/2024,-54.73,0,0,,6637.03,Credit/Debit Card W/D:MEIJER # 052 EAST LANSING MI,,
5/28/2024,3180,0,0,,6691.76,Dep,,
5/24/2024,-177.51,0,0,,3511.76,Credit/Debit Card W/D:COSTCO WHSE#1277 EAST LANSING MI,,
5/23/2024,-18.01,0,0,,3689.27,Credit/Debit Card W/D:AMZN Mktp US*CO4AC4J73 Amzn.com/bill WA,,
5/23/2024,-10.59,0,0,,3707.28,Credit/Debit Card W/D:AMZN Mktp US*ZA98U5AZ3 Amzn.com/bill WA,,
5/20/2024,-320,0,0,1013,3717.87,Draft W/D,,
5/20/2024,-282.69,0,0,,4037.87,Credit/Debit Card W/D:AMZN Mktp US*L77KJ5QE3 Amzn.com/bill WA,,
5/13/2024,-50.38,0,0,,4320.56,Credit/Debit Card W/D:COTTAGE INN PIZZA - EA 517-324-4300 MI,,
5/10/2024,-5.69,0,0,,4370.94,Credit/Debit Card W/D:MEIJER # 052 EAST LANSING MI,,
5/8/2024,-336.85,0,0,,4376.63,Credit/Debit Card W/D:METRONET RETAIL 877-4073224 KS,,
5/6/2024,-8.04,0,0,,4713.48,Credit/Debit Card W/D:MEIJER # 052 EAST LANSING MI,,
5/6/2024,-23.88,0,0,,4721.52,Credit/Debit Card W/D:MEIJER # 052 EAST LANSING MI,,
5/3/2024,-272.99,0,0,,4745.4,XFR W/D:To MSU STUDENT HOUS Share 70,,
5/2/2024,-11.54,0,0,,5018.39,Credit/Debit Card W/D:MEIJER # 052 EAST LANSING MI,,
5/1/2024,-315,0,0,1011,5029.93,Draft W/D,,
5/1/2024,-439.98,0,0,,5344.93,Credit/Debit Card W/D:BWL10000168 517-702-6006 MI,,
4/30/2024,-29.99,0,0,,5784.91,Credit/Debit Card W/D:FRESH INTERNATIONAL MAR EAST LANSING MI,,
4/30/2024,-172.94,0,0,,5814.9,Credit/Debit Card W/D:COSTCO WHSE#1277 EAST LANSING MI,,
4/30/2024,-65,0,0,1009,5987.84,Draft W/D,,
4/29/2024,-37.44,0,0,1020,6052.84,Draft W/D,,
4/29/2024,-50.99,0,0,,6090.28,Credit/Debit Card W/D:COTTAGE INN PIZZA - EA 517-324-4300 MI,,
4/26/2024,-77.86,0,0,,6141.27,ACH W/D:GRANGERCOM,,
4/24/2024,-63.17,0,0,,6219.13,Credit/Debit Card W/D:MEIJER # 052 EAST LANSING MI,,
4/22/2024,-11.16,0,0,,6282.3,Credit/Debit Card W/D:A MARKET EAST LANSING MI,,
4/22/2024,-26.35,0,0,,6293.46,Credit/Debit Card W/D:FRESH INTERNATIONAL MAR EAST LANSING MI,,
4/21/2024,-34.53,0,0,,6319.81,Credit/Debit Card W/D:MEIJER # 052 EAST LANSING MI,,
4/18/2024,-22.62,0,0,,6354.34,Credit/Debit Card W/D:MEIJER # 052 EAST LANSING MI,,
4/18/2024,3195,0,0,,6376.96,XFR Dep:From MSU STUDENT HOUS Share 70,,
4/13/2024,-43.39,0,0,,3181.96,Credit/Debit Card W/D:MEIJER # 052 EAST LANSING MI,,
4/11/2024,-29.9,0,0,,3225.35,Credit/Debit Card W/D:FRESH INTERNATIONAL MAR EAST LANSING MI,,
4/10/2024,-15.89,0,0,,3255.25,Credit/Debit Card W/D:MEIJER # 052 EAST LANSING MI,,
4/10/2024,-139.06,0,0,,3271.14,Credit/Debit Card W/D:MEIJER # 052 EAST LANSING MI,,
4/8/2024,-75.47,0,0,,3410.2,Credit/Debit Card W/D:COTTAGE INN PIZZA - EA 517-324-4300 MI,,
4/7/2024,-336.85,0,0,,3485.67,Credit/Debit Card W/D:METRONET RETAIL 877-4073224 KS,,
4/6/2024,-20.14,0,0,,3822.52,Credit/Debit Card W/D:PARTY CITY 492 LANSING MI,,
4/6/2024,-27.83,0,0,,3842.66,Credit/Debit Card W/D:FAMILY DOLLAR #7329 LANSING MI,,
4/6/2024,-6.36,0,0,,3870.49,Credit/Debit Card W/D:DOLLARTREE LANSING MI,,
4/5/2024,-58.3,0,0,,3876.85,Credit/Debit Card W/D:PARTY CITY 492 LANSING MI,,
4/5/2024,-82.06,0,0,,3935.15,Credit/Debit Card W/D:AMZN Mktp US*RQ8QF1N50 Amzn.com/bill WA,,
4/3/2024,3047.1,0,0,,4017.21,XFR Dep:From MSU STUDENT HOUS Share 70,,
3/31/2024,-20.67,0,0,,970.11,Credit/Debit Card W/D:MEIJER # 052 EAST LANSING MI,,
3/31/2024,-50.65,0,0,,990.78,Credit/Debit Card W/D:MEIJER # 052 EAST LANSING MI,,
3/29/2024,-58.91,0,0,,1041.43,Credit/Debit Card W/D:COTTAGE INN PIZZA - EA 517-324-4300 MI,,
3/28/2024,-16.47,0,0,,1100.34,Credit/Debit Card W/D:MEIJER # 052 EAST LANSING MI,,
3/28/2024,-61.76,0,0,,1116.81,Credit/Debit Card W/D:Amazon.com*RA0ZE1672 Amzn.com/bill WA,,
3/26/2024,-33.9,0,0,,1178.57,Credit/Debit Card W/D:AMZN Mktp US*RH7IF62C1 Amzn.com/bill WA,,
3/26/2024,-77.86,0,0,,1212.47,ACH W/D:GRANGERCOM,,
3/25/2024,-65.39,0,0,,1290.33,Credit/Debit Card W/D:COTTAGE INN PIZZA - EA 517-324-4300 MI,,
3/25/2024,-408.4,0,0,,1355.72,Credit/Debit Card W/D:BWL10000168 517-702-6006 MI,,
3/24/2024,-297.14,0,0,,1764.12,Credit/Debit Card W/D:CONSUMER ENERGY 800-477-5050 MI,,
3/23/2024,-141.37,0,0,,2061.26,Credit/Debit Card W/D:MEIJER # 052 EAST LANSING MI,,
3/22/2024,-967.04,0,0,,2202.63,Credit/Debit Card W/D:CITY OF E LANSING UTIL 000-0000000 MI,,
3/20/2024,-13.78,0,0,,3169.67,Credit/Debit Card W/D:MEIJER # 052 EAST LANSING MI,,
3/16/2024,-19.88,0,0,,3183.45,POS W/D:#000000KCUTC2,,
3/17/2024,-123.92,0,0,,3203.33,Credit/Debit Card W/D:MEIJER # 052 EAST LANSING MI,,
3/15/2024,-11.78,0,0,,3327.25,Credit/Debit Card W/D:VOLUNTEERS OF AMERICA M LANSING MI,,
3/15/2024,-6.99,0,0,,3339.03,Credit/Debit Card W/D:GREAT LAKES ACE HDWE LANSING MI,,
3/14/2024,-162.61,0,0,,3346.02,Credit/Debit Card W/D:COSTCO WHSE#1277 EAST LANSING MI,,
3/11/2024,-54.03,0,0,,3508.63,Credit/Debit Card W/D:MEIJER # 052 EAST LANSING MI,,
3/10/2024,-336.85,0,0,,3562.66,Credit/Debit Card W/D:METRONET RETAIL 877-4073224 KS,,
3/7/2024,-6.35,0,0,,3899.51,Credit/Debit Card W/D:AMZN Mktp US*R61KJ8CN0 Amzn.com/bill WA,,
3/4/2024,-55.87,0,0,,3905.86,Credit/Debit Card W/D:MEIJER # 052 EAST LANSING MI,,
2/27/2024,-77.86,0,0,,3961.73,ACH W/D:GRANGERCOM,,
2/23/2024,-15.99,0,0,,4039.59,Credit/Debit Card W/D:LS ROCKET FIZZ - LANS 151-73186975 MI,,
2/21/2024,-375.18,0,0,,4055.58,Credit/Debit Card W/D:CONSUMER ENERGY 800-477-5050 MI,,
2/21/2024,-206.68,0,0,,4430.76,Credit/Debit Card W/D:BWL10144850 517-702-6006 MI,,
2/21/2024,-170.79,0,0,,4637.44,Credit/Debit Card W/D:COSTCO WHSE#1277 EAST LANSING MI,,
2/18/2024,-48.01,0,0,,4808.23,Credit/Debit Card W/D:MEIJER # 052 EAST LANSING MI,,
2/15/2024,-43.23,0,0,,4856.24,Credit/Debit Card W/D:MEIJER # 052 EAST LANSING MI,,
2/11/2024,-76.79,0,0,,4899.47,Credit/Debit Card W/D:MEIJER # 052 EAST LANSING MI,,
2/10/2024,-213.99,0,0,,4976.26,Credit/Debit Card W/D:COSTCO WHSE#1277 EAST LANSING MI,,
2/7/2024,-336.85,0,0,,5190.25,Credit/Debit Card W/D:METRONET RETAIL 877-4073224 KS,,
2/5/2024,-3.48,0,0,,5527.1,Credit/Debit Card W/D:Amazon.com*R28QJ0V61 Amzn.com/bill WA,,
2/5/2024,-60.88,0,0,,5530.58,Credit/Debit Card W/D:FRESH THYME #601 EAST LANSING MI,,
2/3/2024,-106.9,0,0,,5591.46,Credit/Debit Card W/D:MICHAELS STORES 9987 LANSING MI,,
2/3/2024,-23.29,0,0,,5698.36,Credit/Debit Card W/D:JOANN STORES #2022 LANSING MI,,
2/2/2024,-21.55,0,0,,5721.65,POS W/D:POS KROGER #852 443 MALL COURT LANSING MI,,
2/1/2024,-39.14,0,0,,5743.2,Credit/Debit Card W/D:MEIJER # 052 EAST LANSING MI,,
2/1/2024,-143.85,0,0,,5782.34,Credit/Debit Card W/D:COSTCO WHSE#1277 EAST LANSING MI,,
2/1/2024,-1.59,0,0,,5926.19,Credit/Debit Card W/D:COSTCO WHSE#1277 EAST LANSING MI,,
1/29/2024,-74.42,0,0,,5927.78,Credit/Debit Card W/D:COSTCO WHSE#1277 EAST LANSING MI,,
1/28/2024,-14.86,0,0,,6002.2,Credit/Debit Card W/D:MEIJER # 052 EAST LANSING MI,,
1/26/2024,-49,0,0,,6017.06,Credit/Debit Card W/D:MEIJER # 052 EAST LANSING MI,,
1/25/2024,-77.86,0,0,,6066.06,ACH W/D:GRANGERCOM,,
1/23/2024,-296.39,0,0,,6143.92,POS W/D:#000000JR79CX,,
1/24/2024,-309.48,0,0,,6440.31,Credit/Debit Card W/D:AMZN Mktp US*R040E3LJ2 Amzn.com/bill WA,,
1/24/2024,-7.41,0,0,,6749.79,Credit/Debit Card W/D:Amazon.com*R08B59OY2 Amzn.com/bill WA,,
1/24/2024,-118.73,0,0,,6757.2,Credit/Debit Card W/D:MEIJER # 052 EAST LANSING MI,,
1/23/2024,-43.54,0,0,,6875.93,Credit/Debit Card W/D:RC REPAIRCLINIC.COM 734-495-3079 MI,,
1/22/2024,3125.4,0,0,,6919.47,XFR Dep:From MSU STUDENT HOUS Share 70,,
1/22/2024,-246.16,0,0,,3794.07,Credit/Debit Card W/D:BWL10144850 517-702-6006 MI,,
1/22/2024,-246.16,0,0,,4040.23,Credit/Debit Card W/D:BWL10000168 517-702-6006 MI,,
1/21/2024,-416.34,0,0,,4286.39,Credit/Debit Card W/D:CONSUMER ENERGY 800-477-5050 MI,,
1/21/2024,-46.13,0,0,,4702.73,Credit/Debit Card W/D:MEIJER # 052 EAST LANSING MI,,
1/19/2024,-26.07,0,0,,4748.86,Credit/Debit Card W/D:Amazon.com*R06IU9FM0 Amzn.com/bill WA,,
1/16/2024,-19.81,0,0,,4774.93,Credit/Debit Card W/D:Amazon.com*R819U55A0 Amzn.com/bill WA,,
1/12/2024,-19.06,0,0,,4794.74,Credit/Debit Card W/D:MEIJER # 052 EAST LANSING MI,,
1/12/2024,-216.43,0,0,,4813.8,Credit/Debit Card W/D:COSTCO WHSE#1277 EAST LANSING MI,,
1/11/2024,-1077,0,0,,5030.23,XFR W/D:To MSU STUDENT HOUS Share 45,,
1/10/2024,-10.59,0,0,,6107.23,Credit/Debit Card W/D:MEIJER STORE #052 E LANSING MI,,
1/8/2024,-12.28,0,0,,6117.82,Credit/Debit Card W/D:MEIJER # 052 EAST LANSING MI,,
1/7/2024,-336.85,0,0,,6130.1,Credit/Debit Card W/D:METRONET RETAIL 877-4073224 KS,,
1/6/2024,-360.74,0,0,,6466.95,Credit/Debit Card W/D:CONSUMER ENERGY 800-477-5050 MI,,
12/27/2023,-77.86,0,0,,6827.69,ACH W/D:GRANGERCOM,,
12/23/2023,-74.78,0,0,,6905.55,Credit/Debit Card W/D:COSTCO WHSE#1277 EAST LANSING MI,,
12/23/2023,-98.49,0,0,,6980.33,Credit/Debit Card W/D:BWL10000168 517-702-6006 MI,,
12/23/2023,-98.49,0,0,,7078.82,Credit/Debit Card W/D:BWL10144850 517-702-6006 MI,,
12/14/2023,-159.38,0,0,,7177.31,Credit/Debit Card W/D:COSTCO WHSE#1277 EAST LANSING MI,,
12/8/2023,-484.31,0,0,,7336.69,Credit/Debit Card W/D:METRONET RETAIL 877-4073224 KS,,
12/7/2023,-56.34,0,0,,7821,Credit/Debit Card W/D:DOMINO'S 1201 EAST LANSING MI,,
12/3/2023,6.99,0,0,,7877.34,Credit/Debit Card W/D:Credit Voucher,,
12/3/2023,-48.09,0,0,,7870.35,Credit/Debit Card W/D:MEIJER # 052 EAST LANSING MI,,
12/2/2023,-37.67,0,0,,7918.44,Credit/Debit Card W/D:AMZN Mktp US*JX2RJ69D3 Amzn.com/bill WA,,
12/2/2023,-1372.83,0,0,,7956.11,Credit/Debit Card W/D:CITY OF E LANSING UTIL 000-0000000 MI,,
12/2/2023,3040,0,0,,9328.94,XFR Dep:From MSU STUDENT HOUS Share 70,,
12/2/2023,-333.55,0,0,,6288.94,Credit/Debit Card W/D:CONSUMER ENERGY 800-477-5050 MI,,
12/2/2023,-47.57,0,0,,6622.49,Credit/Debit Card W/D:MEIJER # 052 EAST LANSING MI,,
12/1/2023,-426.12,0,0,,6670.06,Credit/Debit Card W/D:COSTCO WHSE#1277 EAST LANSING MI,,
11/29/2023,-64.21,0,0,,7096.18,Credit/Debit Card W/D:MEIJER # 052 EAST LANSING MI,,
11/28/2023,-350.22,0,0,,7160.39,Credit/Debit Card W/D:BWL10144850 517-702-6006 MI,,
11/28/2023,-350.22,0,0,,7510.61,Credit/Debit Card W/D:BWL10000168 517-702-6006 MI,,
11/27/2023,-77.86,0,0,,7860.83,ACH W/D:GRANGERCOM,,
11/27/2023,95.39,0,0,,7938.69,Credit/Debit Card W/D:Credit Voucher,,
11/27/2023,-19.06,0,0,,7843.3,Credit/Debit Card W/D:MEIJER # 025 OKEMOS MI,,
11/26/2023,-25.72,0,0,,7862.36,Credit/Debit Card W/D:MEIJER # 052 EAST LANSING MI,,
11/22/2023,-111.79,0,0,,7888.08,Credit/Debit Card W/D:MEIJER # 052 EAST LANSING MI,,
11/20/2023,-3.14,0,0,,7999.87,Credit/Debit Card W/D:MEIJER # 052 EAST LANSING MI,,
11/20/2023,-231.14,0,0,,8003.01,Credit/Debit Card W/D:COSTCO WHSE#1277 EAST LANSING MI,,
11/19/2023,-95.39,0,0,,8234.15,POS W/D:POS NST BEST BUY #416 000330 2020 WEST,,
11/15/2023,-41.24,0,0,,8329.54,POS W/D:POS TARGET T-3278 201 E Grand River Ave,,
11/14/2023,-60.2,0,0,,8370.78,POS W/D:POS TARGET T-0365 4890 Marsh Rd Okemos MI,,
11/13/2023,-28.91,0,0,,8430.98,POS W/D:POS WWW.TARGET.COM BROOKLYN PARK MN,,
11/10/2023,-5.99,0,0,,8459.89,Credit/Debit Card W/D:MEIJER # 052 EAST LANSING MI,,
11/10/2023,-41.48,0,0,,8465.88,Credit/Debit Card W/D:MEIJER # 052 EAST LANSING MI,,
11/10/2023,-127.58,0,0,,8507.36,Credit/Debit Card W/D:MEIJER # 052 EAST LANSING MI,,
11/7/2023,-202.25,0,0,,8634.94,Credit/Debit Card W/D:METRONET RETAIL 877-4073224 KS,,
11/6/2023,-6.35,0,0,,8837.19,Credit/Debit Card W/D:GREAT LAKES ACE HDWE LANSING MI,,
11/5/2023,-22.4,0,0,,8843.54,Credit/Debit Card W/D:MEIJER # 052 EAST LANSING MI,,
11/2/2023,2657.5,0,0,,8865.94,XFR Dep:From MSU STUDENT HOUS Share 70,,
10/31/2023,-135.26,0,0,,6208.44,Credit/Debit Card W/D:MEIJER # 052 EAST LANSING MI,,
10/25/2023,-104.13,0,0,,6343.7,Credit/Debit Card W/D:MEIJER # 052 EAST LANSING MI,,
10/25/2023,-35.72,0,0,,6447.83,Credit/Debit Card W/D:MEIJER # 052 EAST LANSING MI,,
10/25/2023,-77.86,0,0,,6483.55,ACH W/D:GRANGERCOM,,
10/22/2023,-40.46,0,0,,6561.41,Credit/Debit Card W/D:MEIJER # 052 EAST LANSING MI,,
10/18/2023,-47.93,0,0,,6601.87,Credit/Debit Card W/D:MEIJER # 052 EAST LANSING MI,,
10/18/2023,3450,0,0,,6649.8,XFR Dep:From MSU STUDENT HOUS Share 70,,
10/16/2023,-17.48,0,0,,3199.8,Credit/Debit Card W/D:BWL10144841 517-702-6006 MI,,
10/16/2023,-428.06,0,0,,3217.28,Credit/Debit Card W/D:BWL10000168 517-702-6006 MI,,
10/16/2023,-169.36,0,0,,3645.34,Credit/Debit Card W/D:COSTCO WHSE#1277 EAST LANSING MI,,
10/15/2023,-115.45,0,0,,3814.7,Credit/Debit Card W/D:CONSUMER ENERGY 800-477-5050 MI,,
10/15/2023,-27.71,0,0,,3930.15,Credit/Debit Card W/D:MEIJER # 025 OKEMOS MI,,
10/12/2023,-270,0,0,1007,3957.86,Draft W/D,,
10/11/2023,-202.25,0,0,,4227.86,Credit/Debit Card W/D:METRONET RETAIL 877-4073224 KS,,
10/10/2023,-46.25,0,0,,4430.11,Credit/Debit Card W/D:MEIJER # 052 EAST LANSING MI,,
10/9/2023,-191.43,0,0,,4476.36,Credit/Debit Card W/D:COSTCO WHSE#1277 EAST LANSING MI,,
10/9/2023,-46.84,0,0,,4667.79,Credit/Debit Card W/D:COSTCO WHSE#1277 EAST LANSING MI,,
10/9/2023,-2.11,0,0,,4714.63,Credit/Debit Card W/D:COSTCO WHSE#1277 EAST LANSING MI,,
10/6/2023,-140.68,0,0,,4716.74,Credit/Debit Card W/D:AMZN Mktp US*T94A71BK1 Amzn.com/bill WA,,
10/6/2023,-31.79,0,0,,4857.42,Credit/Debit Card W/D:Amazon.com*TE4U001N2 Amzn.com/bill WA,,
10/4/2023,-24.63,0,0,,4889.21,Credit/Debit Card W/D:MEIJER # 052 EAST LANSING MI,,
10/3/2023,-350,0,0,1026,4913.84,Draft W/D,,
10/3/2023,-24.25,0,0,,5263.84,Credit/Debit Card W/D:MEIJER # 052 877-363-4537 MI,,
10/3/2023,-88.15,0,0,,5288.09,Credit/Debit Card W/D:COTTAGE INN PIZZA - EA EAST LANSING MI,,
10/2/2023,-40,0,0,1001,5376.24,Draft W/D,,
9/28/2023,-17.48,0,0,,5416.24,Credit/Debit Card W/D:BWL10144841 517-702-6006 MI,,
9/26/2023,-45,0,0,1012,5433.72,Draft W/D,,
9/26/2023,-23,0,0,1005,5478.72,Draft W/D,,
9/25/2023,-77.86,0,0,,5501.72,ACH W/D:GRANGERCOM,,
9/21/2023,-7.45,0,0,,5579.58,Credit/Debit Card W/D:MEIJER # 052 EAST LANSING MI,,
9/20/2023,-120,0,0,,5587.03,Credit/Debit Card W/D:COSTCO WHSE#1277 EAST LANSING MI,,
9/20/2023,-104.9,0,0,,5707.03,Credit/Debit Card W/D:COSTCO WHSE#1277 EAST LANSING MI,,
9/20/2023,-118.81,0,0,,5811.93,Credit/Debit Card W/D:MEIJER # 052 EAST LANSING MI,,
9/19/2023,-204.02,0,0,,5930.74,Credit/Debit Card W/D:AMZN Mktp US*TX0A286B0 Amzn.com/bill WA,,
9/19/2023,-95,0,0,1002,6134.76,Draft W/D,,
9/13/2023,-54.83,0,0,,6229.76,Credit/Debit Card W/D:MEIJER # 052 EAST LANSING MI,,
9/11/2023,-96.98,0,0,,6284.59,Credit/Debit Card W/D:COTTAGE INN PIZZA - EA EAST LANSING MI,,
9/11/2023,-869.14,0,0,,6381.57,Credit/Debit Card W/D:BWL10144850 517-702-6006 MI,,
9/7/2023,-202.25,0,0,,7250.71,Credit/Debit Card W/D:METRONET RETAIL 877-4073224 KS,,
9/5/2023,-144.12,0,0,,7452.96,Credit/Debit Card W/D:MEIJER # 052 877-363-4537 MI,,
9/3/2023,-1370.65,0,0,,7597.08,Credit/Debit Card W/D:CITY OF E LANSING UTIL 000-0000000 MI,,
9/1/2023,2917.12,0,0,,8967.73,XFR Dep:From MSU STUDENT HOUS Share 70,,
8/30/2023,-41.31,0,0,,6050.61,Credit/Debit Card W/D:MEIJER # 052 877-363-4537 MI,,
8/29/2023,-54.4,0,0,,6091.92,Credit/Debit Card W/D:OVIS 304-273-3355 WV,,
8/28/2023,-118.69,0,0,,6146.32,Credit/Debit Card W/D:COTTAGE INN PIZZA - EA EAST LANSING MI,,
8/26/2023,-128.88,0,0,,6265.01,Credit/Debit Card W/D:MEIJER # 052 877-363-4537 MI,,
8/25/2023,-77.86,0,0,,6393.89,ACH W/D:GRANGERCOM,,
8/23/2023,1662,0,0,,6471.75,ACH Dep:MSU STUDENT HOU,,
8/22/2023,-11,0,0,,4809.75,Credit/Debit Card W/D:MEIJER # 052 877-363-4537 MI,,
8/20/2023,-13.76,0,0,,4820.75,Credit/Debit Card W/D:MEIJER # 052 877-363-4537 MI,,
8/19/2023,-112.58,0,0,,4834.51,Credit/Debit Card W/D:MEIJER # 052 877-363-4537 MI,,
8/14/2023,-85.63,0,0,,4947.09,Credit/Debit Card W/D:COTTAGE INN PIZZA - EA EAST LANSING MI,,
8/11/2023,-225.48,0,0,,5032.72,Credit/Debit Card W/D:MEIJER # 052 877-363-4537 MI,,
8/8/2023,-71.25,0,0,,5258.2,ACH W/D:CONSUMERS ENERGY,,
8/7/2023,-202.25,0,0,,5329.45,Credit/Debit Card W/D:METRONET RETAIL 877-4073224 KS,,
8/7/2023,-63.79,0,0,,5531.7,Credit/Debit Card W/D:COTTAGE INN PIZZA - EA EAST LANSING MI,,
8/7/2023,-15.9,0,0,,5595.49,Credit/Debit Card W/D:WALMART.COM XXXXXXXXXX 800-966-6546 AR,,
8/6/2023,31.78,0,0,,5611.39,Credit/Debit Card W/D:Credit Voucher,,
8/4/2023,-102.44,0,0,,5579.61,Credit/Debit Card W/D:MEIJER # 052 877-363-4537 MI,,
8/2/2023,-31.78,0,0,,5682.05,Credit/Debit Card W/D:STAPLES 00103242 LANSING MI,,
8/1/2023,-34.09,0,0,,5713.83,Credit/Debit Card W/D:MEIJER # 052 877-363-4537 MI,,
7/31/2023,-52.25,0,0,,5747.92,Credit/Debit Card W/D:MEIJER # 052 877-363-4537 MI,,
7/31/2023,-105.2,0,0,,5800.17,Credit/Debit Card W/D:BWL10144850 517-702-6006 MI,,
7/31/2023,-105.2,0,0,,5905.37,Credit/Debit Card W/D:BWL10000168 517-702-6006 MI,,
7/28/2023,338.81,0,0,,6010.57,XFR Dep:From MSU STUDENT HOUS Share 45,,
7/28/2023,-135,0,0,,5671.76,XFR W/D:To MSU STUDENT HOUS Share 45,,
7/28/2023,-135,0,0,,5806.76,XFR W/D:To MSU STUDENT HOUS Share 45,,
7/28/2023,-140.17,0,0,,5941.76,Credit/Debit Card W/D:MEIJER # 052 877-363-4537 MI,,
7/26/2023,3885,0,0,,6081.93,XFR Dep:From MSU STUDENT HOUS Share 70,,
7/23/2023,-15.89,0,0,,2196.93,Credit/Debit Card W/D:Amazon.com*1428C82D3 Amzn.com/bill WA,,
7/22/2023,-6.67,0,0,,2212.82,Credit/Debit Card W/D:MEIJER # 052 877-363-4537 MI,,
7/22/2023,-65.61,0,0,,2219.49,Credit/Debit Card W/D:MICHAELS STORES 9987 LANSING MI,,
7/21/2023,-95.42,0,0,,2285.1,Credit/Debit Card W/D:Amazon.com*V60TV3J83 Amzn.com/bill WA,,
7/21/2023,-147.41,0,0,,2380.52,Credit/Debit Card W/D:MEIJER # 052 877-363-4537 MI,,
7/20/2023,-11.64,0,0,,2527.93,Credit/Debit Card W/D:Amazon.com*LX0AB2ZN3 Amzn.com/bill WA,,
7/14/2023,-141.73,0,0,,2539.57,Credit/Debit Card W/D:MEIJER # 052 877-363-4537 MI,,
7/13/2023,-77.86,0,0,,2681.3,ACH W/D:GRANGERCOM,,
7/12/2023,-24.37,0,0,,2759.16,Credit/Debit Card W/D:AMZN Mktp US*NL2MJ7AR3 Amzn.com/bill WA,,
7/11/2023,-1189.86,0,0,,2783.53,Credit/Debit Card W/D:METRONET RETAIL 877-4073224 KS,,
7/7/2023,-70.44,0,0,,3973.39,Credit/Debit Card W/D:MEIJER # 052 877-363-4537 MI,,
6/30/2023,-152.62,0,0,,4043.83,Credit/Debit Card W/D:MEIJER # 052 877-363-4537 MI,,
6/30/2023,3432,0,0,,4196.45,XFR Dep:From MSU STUDENT HOUS Share 70,,
6/30/2023,135,0,0,,764.45,XFR Dep:From MSU STUDENT HOUS Share 45,,
6/28/2023,-12.12,0,0,,629.45,Credit/Debit Card W/D:Amazon.com*D99QX1TN3 Amzn.com/bill WA,,
6/27/2023,-4.47,0,0,,641.57,Credit/Debit Card W/D:AMZN Mktp US*A667H5KW3 Amzn.com/bill WA,,
6/27/2023,-23.32,0,0,,646.04,Credit/Debit Card W/D:Amazon.com*UN3EL2DU3 Amzn.com/bill WA,,
6/27/2023,-292.99,0,0,,669.36,ACH W/D:CONSUMERS ENERGY,,
6/26/2023,-58.37,0,0,,962.35,Credit/Debit Card W/D:MEIJER # 052 877-363-4537 MI,,
6/25/2023,-10.42,0,0,,1020.72,POS W/D:POS WAL-MART #2867 3225 TOWNE CENTRE BLVD,,
6/25/2023,1000,0,0,,1031.14,HB XFR Dep:From Share 07,,
6/18/2023,-17.48,0,0,,31.14,Credit/Debit Card W/D:LANSING BOARD OF WATER 517-702-6006 MI,,
6/18/2023,-365.57,0,0,,48.62,Credit/Debit Card W/D:LANSING BOARD OF WATER 517-702-6006 MI,,
6/18/2023,-284.77,0,0,,414.19,Credit/Debit Card W/D:LANSING BOARD OF WATER 517-702-6006 MI,,
6/17/2023,-77.86,0,0,,698.96,Credit/Debit Card W/D:GRANGER WASTE SERVICES 517-372-2800 MI,,
6/17/2023,-180.43,0,0,,776.82,Credit/Debit Card W/D:MEIJER # 052 877-363-4537 MI,,
6/13/2023,-1400,0,0,,957.25,Credit/Debit Card W/D:METRONET RETAIL 877-4073224 KS,,
6/12/2023,-81.57,0,0,,2357.25,Credit/Debit Card W/D:MEIJER # 052 877-363-4537 MI,,
6/12/2023,-16.15,0,0,,2438.82,Credit/Debit Card W/D:ORIENTAL MART EAST LANSING MI,,
6/8/2023,-120.03,0,0,1201,2454.97,Draft W/D,,
6/8/2023,-2810.69,0,0,,2575,Credit/Debit Card W/D:CITY OF E LANSING UTIL 000-0000000 MI,,
6/8/2023,-82.06,0,0,,5385.69,Credit/Debit Card W/D:COTTAGE INN PIZZA - EA EAST LANSING MI,,
6/3/2023,-46.59,0,0,,5467.75,Credit/Debit Card W/D:AMZN Mktp US*D82FD1XM3 Amzn.com/bill WA,,
6/3/2023,-63.56,0,0,,5514.34,Credit/Debit Card W/D:THE HOME DEPOT #2723 OKEMOS MI,,
6/3/2023,-8.47,0,0,,5577.9,Credit/Debit Card W/D:AMZN Mktp US*UM7JO1483 Amzn.com/bill WA,,
6/1/2023,-87.15,0,0,,5586.37,Credit/Debit Card W/D:MEIJER # 052 877-363-4537 MI,,
5/30/2023,-225,0,0,1161,5673.52,Draft W/D,,
5/30/2023,-76.16,0,0,,5898.52,Credit/Debit Card W/D:MEIJER # 052 877-363-4537 MI,,
5/26/2023,-52.69,0,0,,5974.68,Credit/Debit Card W/D:Amazon.com*Y232Q3393 Amzn.com/bill WA,,
5/26/2023,2833.55,0,0,,6027.37,XFR Dep:From MSU STUDENT HOUS Share 70,,
5/25/2023,-187.1,0,0,,3193.82,Credit/Debit Card W/D:MEIJER # 052 877-363-4537 MI,,
5/22/2023,-45.48,0,0,,3380.92,Credit/Debit Card W/D:MEIJER # 052 877-363-4537 MI,,
5/18/2023,-74.93,0,0,,3426.4,Credit/Debit Card W/D:COTTAGE INN PIZZA - EA EAST LANSING MI,,
5/16/2023,-151.51,0,0,,3501.33,Credit/Debit Card W/D:MEIJER # 052 877-363-4537 MI,,
5/15/2023,-77.86,0,0,,3652.84,Credit/Debit Card W/D:GRANGER WASTE SERVICES 517-372-2800 MI,,
5/14/2023,-41.09,0,0,,3730.7,Credit/Debit Card W/D:TARGET 00032789 EAST LANSING MI,,
5/11/2023,-1200,0,0,,3771.79,Credit/Debit Card W/D:METRONET RETAIL 877-4073224 KS,,
5/10/2023,-169.43,0,0,,4971.79,Credit/Debit Card W/D:HAMMOND FARMS E LANSING 517-3390788 MI,,
5/10/2023,-65.75,0,0,97,5141.22,Draft W/D,,
5/10/2023,-16,0,0,,5206.97,W/D:HARLAND CLARKE,,
5/9/2023,3824.12,0,0,,5222.97,XFR Dep:From MSU STUDENT HOUS Share 70,,
5/6/2023,-90.2,0,0,,1398.85,Credit/Debit Card W/D:MEIJER # 052 877-363-4537 MI,,
5/4/2023,-542.94,0,0,98,1489.05,Draft W/D,,
5/4/2023,-50.52,0,0,,2031.99,Credit/Debit Card W/D:COTTAGE INN PIZZA - EA EAST LANSING MI,,
5/3/2023,-57.7,0,0,96,2082.51,Draft W/D,,
5/1/2023,-82.46,0,0,,2140.21,Credit/Debit Card W/D:MEIJER # 052 877-363-4537 MI,,
4/27/2023,-140.3,0,0,,2222.67,Credit/Debit Card W/D:MEIJER # 052 877-363-4537 MI,,
4/26/2023,-301.22,0,0,,2362.97,ACH W/D:CONSUMERS ENERGY,,
4/23/2023,-506.47,0,0,,2664.19,Credit/Debit Card W/D:LANSING BOARD OF WATER 517-702-6006 MI,,
4/23/2023,-17.48,0,0,,3170.66,Credit/Debit Card W/D:LANSING BOARD OF WATER 517-702-6006 MI,,
4/23/2023,-59.42,0,0,,3188.14,Credit/Debit Card W/D:LANSING BOARD OF WATER 517-702-6006 MI,,
4/22/2023,-54.46,0,0,,3247.56,Credit/Debit Card W/D:MEIJER # 052 877-363-4537 MI,,
4/20/2023,-79.28,0,0,,3302.02,Credit/Debit Card W/D:MEIJER # 052 877-363-4537 MI,,
4/17/2023,-106.19,0,0,,3381.3,Credit/Debit Card W/D:MEIJER # 052 877-363-4537 MI,,
4/17/2023,-82.85,0,0,,3487.49,Credit/Debit Card W/D:COTTAGE INN PIZZA - EA EAST LANSING MI,,
4/14/2023,-77.86,0,0,,3570.34,Credit/Debit Card W/D:GRANGER WASTE SERVICES 517-372-2800 MI,,
4/12/2023,-52.16,0,0,,3648.2,POS W/D:POS TARGET T-3278 201 E Grand River Ave,,
4/7/2023,1102,0,0,,3700.36,XFR Dep:From MSU STUDENT HOUS Share 70,,
4/5/2023,-18.55,0,0,,2598.36,Credit/Debit Card W/D:MEIJER # 052 877-363-4537 MI,,
4/4/2023,-72.22,0,0,,2616.91,Credit/Debit Card W/D:MEIJER # 052 877-363-4537 MI,,
4/1/2023,1000,0,0,,2689.13,HB XFR Dep:From Share 07,,
3/30/2023,-942.04,0,0,,1689.13,ACH W/D:CONSUMERS ENERGY,,
3/29/2023,-35.15,0,0,,2631.17,Credit/Debit Card W/D:MEIJER # 052 877-363-4537 MI,,
3/27/2023,-32.59,0,0,,2666.32,Credit/Debit Card W/D:MEIJER # 052 877-363-4537 MI,,
3/27/2023,1646,0,0,,2698.91,XFR Dep:From MSU STUDENT HOUS Share 70,,
3/26/2023,-34.54,0,0,,1052.91,Credit/Debit Card W/D:MEIJER # 052 877-363-4537 MI,,
3/26/2023,-89.39,0,0,,1087.45,Credit/Debit Card W/D:MEIJER # 052 877-363-4537 MI,,
3/24/2023,-1474.32,0,0,,1176.84,Credit/Debit Card W/D:EAST LANSING UTILITIES 000-0000000 MI,,
3/24/2023,-165.72,0,0,,2651.16,Credit/Debit Card W/D:GRANGER WASTE SERVICES 517-372-2800 MI,,
3/24/2023,-447.05,0,0,,2816.88,Credit/Debit Card W/D:LANSING BOARD OF WATER 517-702-6006 MI,,
3/24/2023,-17.48,0,0,,3263.93,Credit/Debit Card W/D:LANSING BOARD OF WATER 517-702-6006 MI,,
3/24/2023,-464.53,0,0,,3281.41,Credit/Debit Card W/D:LANSING BOARD OF WATER 517-702-6006 MI,,
3/22/2023,-13.75,0,0,,3745.94,POS W/D:#52T3U7K47FGF,,
3/21/2023,-55.31,0,0,,3759.69,Credit/Debit Card W/D:MEIJER # 052 877-363-4537 MI,,
3/20/2023,-24.37,0,0,,3815,POS W/D:#4NG6NHMC9EJV,,
3/20/2023,-118.47,0,0,,3839.37,Credit/Debit Card W/D:MEIJER # 052 877-363-4537 MI,,
3/19/2023,-25.34,0,0,,3957.84,Credit/Debit Card W/D:THE HOME DEPOT #2723 OKEMOS MI,,
3/18/2023,-8.88,0,0,,3983.18,POS W/D:POS WAL-MART #2866 Wal-Mart Super Center,,
3/16/2023,-41.24,0,0,,3992.06,Credit/Debit Card W/D:MEIJER # 025 877-363-4537 MI,,
3/15/2023,-139.13,0,0,,4033.3,Credit/Debit Card W/D:MEIJER # 052 877-363-4537 MI,,
3/13/2023,2124,0,0,,4172.43,XFR Dep:From MSU STUDENT HOUS Share 70,,
3/13/2023,2000,0,0,,2048.43,HB XFR Dep:From Share 07,,
3/13/2023,-47.57,0,0,,48.43,Credit/Debit Card W/D:MEIJER # 052 877-363-4537 MI,,
3/9/2023,-78.48,0,0,,96,Credit/Debit Card W/D:MEIJER # 052 877-363-4537 MI,,
3/9/2023,100,0,0,,174.48,XFR Dep:From Share 07,,
3/6/2023,-91.54,0,0,,74.48,Credit/Debit Card W/D:COTTAGE INN PIZZA - EA EAST LANSING MI,,
3/6/2023,100,0,0,,166.02,XFR Dep:From Share 07,,
3/4/2023,-144.7,0,0,,66.02,Credit/Debit Card W/D:MEIJER # 052 877-363-4537 MI,,
3/4/2023,200,0,0,,210.72,XFR Dep:From Share 07,,
3/3/2023,-96.64,0,0,,10.72,Credit/Debit Card W/D:SEED SAVERS EXCHANGE IN 563-3825990 IA,,
2/28/2023,-25.19,0,0,,107.36,POS W/D:#000000G4KJO0,,
2/28/2023,-16.95,0,0,,132.55,POS W/D:#6LKUTI3OL7P6,,
2/28/2023,-169.38,0,0,,149.5,POS W/D:#2O85AHU21XFG,,
2/28/2023,300,0,0,,318.88,XFR Dep:From Share 07,,
2/28/2023,-120.8,0,0,,18.88,Credit/Debit Card W/D:MEIJER # 052 877-363-4537 MI,,
2/28/2023,100,0,0,,139.68,XFR Dep:From Share 07,,
2/27/2023,-19.19,0,0,,39.68,Credit/Debit Card W/D:MEIJER # 052 877-363-4537 MI,,
2/27/2023,-2.78,0,0,,58.87,Credit/Debit Card W/D:HORROCKS FARM MARKET LA LANSING MI,,
2/25/2023,-102.48,0,0,,61.65,Credit/Debit Card W/D:MEIJER # 052 877-363-4537 MI,,
2/23/2023,-96.55,0,0,,164.13,Credit/Debit Card W/D:COTTAGE INN PIZZA - EA EAST LANSING MI,,
2/23/2023,-17.48,0,0,,260.68,Credit/Debit Card W/D:LANSING BOARD OF WATER 517-702-6006 MI,,
2/23/2023,-426.22,0,0,,278.16,Credit/Debit Card W/D:LANSING BOARD OF WATER 517-702-6006 MI,,
2/21/2023,-29.68,0,0,,704.38,Credit/Debit Card W/D:TARGET 00003657 OKEMOS MI,,
2/20/2023,-84.48,0,0,,734.06,Credit/Debit Card W/D:MEIJER # 052 877-363-4537 MI,,
2/18/2023,-84.67,0,0,,818.54,Credit/Debit Card W/D:MEIJER # 052 877-363-4537 MI,,
2/16/2023,-79.46,0,0,,903.21,Credit/Debit Card W/D:DOMINO'S 1201 734-476-9386 MI,,
2/13/2023,-151.5,0,0,,982.67,Credit/Debit Card W/D:MEIJER # 052 877-363-4537 MI,,
2/9/2023,-36.1,0,0,,1134.17,Credit/Debit Card W/D:MEIJER # 025 877-363-4537 MI,,
2/9/2023,-27.46,0,0,,1170.27,Credit/Debit Card W/D:WHOLEFDS ELN#10541 EAST LANSING MI,,
2/9/2023,-6.99,0,0,,1197.73,Credit/Debit Card W/D:WHOLEFDS ELN#10541 EAST LANSING MI,,
2/6/2023,-35.22,0,0,,1204.72,Credit/Debit Card W/D:MEIJER # 052 877-363-4537 MI,,
2/6/2023,-9.53,0,0,,1239.94,Credit/Debit Card W/D:AMZN Mktp US*0R0OV4KF3 Amzn.com/bill WA,,
2/5/2023,-9.53,0,0,,1249.47,Credit/Debit Card W/D:MEIJER # 025 877-363-4537 MI,,
2/5/2023,-113.9,0,0,,1259,Credit/Debit Card W/D:MEIJER # 052 877-363-4537 MI,,
2/2/2023,-21.51,0,0,,1372.9,Credit/Debit Card W/D:MEIJER # 052 877-363-4537 MI,,
2/2/2023,-456.95,0,0,,1394.41,Credit/Debit Card W/D:LANSING BOARD OF WATER 517-702-6006 MI,,
2/1/2023,-1330.72,0,0,,1851.36,Credit/Debit Card W/D:CONSUMERS ENERGY CO 800-477-5050 MI,,
1/31/2023,-80.27,0,0,,3182.08,Credit/Debit Card W/D:MEIJER # 052 877-363-4537 MI,,
1/28/2023,-67.11,0,0,,3262.35,Credit/Debit Card W/D:MEIJER # 052 877-363-4537 MI,,
1/28/2023,-18.43,0,0,,3329.46,Credit/Debit Card W/D:HORROCKS FARM MARKET LA LANSING MI,,
1/26/2023,-98.93,0,0,,3347.89,Credit/Debit Card W/D:COTTAGE INN PIZZA - EA EAST LANSING MI,,
1/23/2023,2034,0,0,,3446.82,XFR Dep:From MSU STUDENT HOUS Share 70,,
1/23/2023,-47.03,0,0,,1412.82,Credit/Debit Card W/D:MEIJER # 052 877-363-4537 MI,,
1/19/2023,-39.21,0,0,,1459.85,Credit/Debit Card W/D:ALDI 67018 OKEMOS MI,,
1/14/2023,-365.28,0,0,,1499.06,Credit/Debit Card W/D:COSTCO WHSE#1277 EAST LANSING MI,,
1/14/2023,-1677.03,0,0,,1864.34,Credit/Debit Card W/D:EAST LANSING UTILITIES 000-0000000 MI,,
1/13/2023,-77.86,0,0,,3541.37,Credit/Debit Card W/D:GRANGER WASTE SERVICES 517-372-2800 MI,,
1/11/2023,-107.25,0,0,,3619.23,Credit/Debit Card W/D:MEIJER # 052 877-363-4537 MI,,
1/9/2023,-112.34,0,0,,3726.48,Credit/Debit Card W/D:Amazon.com*NM78C3V23 Amzn.com/bill WA,,
1/8/2023,-115.22,0,0,,3838.82,Credit/Debit Card W/D:MEIJER # 052 877-363-4537 MI,,
1/3/2023,2204,0,0,,3954.04,XFR Dep:From MSU STUDENT HOUS Share 70,,
12/31/2022,-59.88,0,0,,1750.04,Credit/Debit Card W/D:MEIJER # 052 877-363-4537 MI,,
12/22/2022,-115.48,0,0,,1809.92,Credit/Debit Card W/D:MEIJER # 052 877-363-4537 MI,,
12/21/2022,-433.48,0,0,,1925.4,Credit/Debit Card W/D:LANSING BOARD OF WATER 517-702-6006 MI,,
12/21/2022,-78.44,0,0,,2358.88,Credit/Debit Card W/D:GRANGER WASTE SERVICES 517-372-2800 MI,,
